<?xml version="1.0" encoding="UTF-8"?><record xmlns="http://www.loc.gov/MARC21/slim" xmlns:cinclude="http://apache.org/cocoon/include/1.0" xmlns:zs="http://www.loc.gov/zing/srw/">
  <leader>00627nz  a2200193n  4500</leader>
  <controlfield tag="001">nr2002012767</controlfield>
  <controlfield tag="003">DLC</controlfield>
  <controlfield tag="005">20020406033125.0</controlfield>
  <controlfield tag="008">020403n| acaaaaaan          |a ana      </controlfield>
  <datafield tag="010" ind1=" " ind2=" ">
    <subfield code="a">nr2002012767</subfield>
  </datafield>
  <datafield tag="040" ind1=" " ind2=" ">
    <subfield code="a">DLC-R</subfield>
    <subfield code="b">eng</subfield>
    <subfield code="c">DLC-R</subfield>
  </datafield>
  <datafield tag="130" ind1=" " ind2="0">
    <subfield code="a">Genshū Rengō Kōkotai hakkutsu chōsa hōkoku</subfield>
  </datafield>
  <datafield tag="410" ind1="2" ind2=" ">
    <subfield code="a">Yuanzhou lian he kao gu dui.</subfield>
    <subfield code="t">Genshū Rengō Kōkotai hakkutsu chōsa hōkoku</subfield>
  </datafield>
  <datafield tag="642" ind1=" " ind2=" ">
    <subfield code="a">1</subfield>
    <subfield code="5">DPCC</subfield>
    <subfield code="5">DLC</subfield>
  </datafield>
  <datafield tag="643" ind1=" " ind2=" ">
    <subfield code="a">Tokyo</subfield>
    <subfield code="b">Bensei Shuppan</subfield>
  </datafield>
  <datafield tag="644" ind1=" " ind2=" ">
    <subfield code="a">f</subfield>
    <subfield code="5">DLC</subfield>
  </datafield>
  <datafield tag="645" ind1=" " ind2=" ">
    <subfield code="a">t</subfield>
    <subfield code="5">DPCC</subfield>
    <subfield code="5">DLC</subfield>
  </datafield>
  <datafield tag="646" ind1=" " ind2=" ">
    <subfield code="a">s</subfield>
    <subfield code="5">DLC</subfield>
  </datafield>
  <datafield tag="670" ind1=" " ind2=" ">
    <subfield code="a">Tō Shi Dōraku bo, 1999:</subfield>
    <subfield code="b">t.p. (Genshū Rengō Kōkotai hakkutsu chōsa hōkoku)</subfield>
  </datafield>
</record>